@article{eigenfaces91,
author = "M. Turk and A. Pentland",
title = "Eigenfaces for recognition",
journal = "Journal of Cognitive Neuroscience",
volume = "3",
number = "1",
pages = "71--86",
year = "1991"
}

@article{deformTri,
author = "Robert W. Sumner and Jovan Popovic",
title = "Deformation Transfer for Triangle Meshes ",
journal = "SIGGRAPH",
year = "2004"
}

@article{activeApp04,
author = "T.F. Cootes and C.J. Taylor",
title = "Statistical Models of Appearance for Computer Vision",
month = "mar",
year = "2004"
}

@article{cootesOverview01,
author = "T.F. Cootes and C.J. Taylor",
title = "Statistical models of appearance for medical image analysis and computer vision",
year = "2001",
journal = "Proc. SPIE Medical Imaging"
}

@phdthesis{jacey,
author = "Jacey-Lynn Minoi",
title = "Geometric Expression Invariant 3D Face Recognition using Statistical Discriminant Models",
school = "Imperial College London",
type = "{Phd} Dissertation"
}

@article{faceTransfer05,
author = "D. Vlasic and M. Brand and H. Pfister and J. Popovic",
title = "Face Transfer with Multilinear Models",
journal = "ACM Transactions on Graphics",
volume = "24",
number = "3",
year = "2005"
}


@article{ppca99,
author = "M.E. Tipping and C.M. Bishop",
title = "Probabalistic Principal Component Analysis",
journal = "Journal of Royal Statistical Society",
series="B 61",
pages="611--622",
year = "1999"
}

@book{Press1992,
        author = {Press, W.H. and Teukolsky, S.A. and Vetterlin, W.T. and Flannery, B.P.}, 
        isbn = {0521431085},
        publisher = {Cambridge University Press},
        title = {Numerical Recepies in C: The Art of Scientific Computing 2nd Edition},
        year = {1992}
}

@article{Nelder2009,
  author = 	 "S. Singer, J. Nelder",
  title =        "Nelder-\textsc{M}ead algorithm",
  url = 	 "http://www.scholarpedia.org/article/Nelder-Mead_algorithm",
  note = "[http://www.scholar-\linebreak[1]pedia.org/article/Nelder-Mead\_algorithm]",
  year = 	 "2009"
}


@article{sdm,
author = "J.L. Minoi and D.F. Gillies",
title = "3D Face and Facial Expression Recognition using Tensor-based Discriminant Analysis Methods"
}

@article{lda,
author = "D.F. Gillies",
title = "Intelligent Data and Probabalistic Inference Lecture Notes",
journal="Imperial College London",
year = "2009"
}

@article{vienna,
author = "M. Reiter",
title = "Neural Computation WS 2006/2007 Lecture Notes",
journal="Vienna University of Technology",
year = "2006"
}


@article{kanade,
author = "Bruce D. Lucas and Takeo Kanade",
title = "An Iterative Image Registration Technique with an Application to Stereo Vision",
journal = "International Joint Conference on Artificial Intelligence",
pages = "674--679",
year = "1981"
}

@article{FEM1ter,
author="Dimitri Metaxas and Demetri Terzopoulos",
title="Shape and Nonrigid Motion Estimation through Physics-Based Synthesis",
journal="IEEE Transactions on Pattern Analysis and Machine Intelligence",
volume="15",
number="6",
pages="580--591",
year="1993"
}

@article{FEM1pen,
author="Alex Pentland and Stan Sclaroff",
title="Closed-Form Solutions for Physically Based Shape Modelling and Recognition",
journal="IEEE Transactions on Pattern Analysis and Machine Intelligence",
volume="13",
number="7",
pages="715--726",
year="1991"
}

@book{FEMbook,
author="Klaus-Juergen Bathe",
title="Finite Element Procedures",
publisher="Prentice Hall",
isbn="0133014584",
year="1996"
}

@article{blanz1,
author="V. Blanz and C. Basso and T. Poggio and T. Vetter",
title="Reanimating Faces in Images and Video",
journal="EUROGRAPHICS 2003",
volume="22",
number="3",
year="2003"
}

@article{blanz2,
author="V. Blanz and K. Scherbaum and T. Vetter and H.P Seidel",
title="Exchanging Faces in Images",
journal="EUROGRAPHICS 2004",
volume="23",
number="3",
year="2004"
}